2185 2880
165 154 262 231 ’π’
407 249 409 252 .
532 157 795 244 aare.

168 278 318 371 privilegiis,
337 295 423 372 quibus
437 312 469 347 ne
480 302 558 356 Petrus
571 293 670 363 quidem
690 294 744 370 ipse
757 297 850 365 gavisus
870 300 905 350 est'
913 339 919 362 ‚
947 302 983 354 uti
1000 282 1076 365 repe.-

168 372 197 438 r'a
213 371 263 427 hare
283 359 441 429 avseinrrcem
459 362 608 433 quampluri
635 380 647 420 r
657 364 763 430 separant
781 365 946 429 RCatlrolici,
963 387 1065 436 quom.

88 437 90 441 ‘
168 452 225 488 men
240 447 267 483 ut
283 430 412 499 plurimum
436 447 513 487 totam
528 381 655 483 veritaiinr
671 430 727 483 heic
743 433 794 486 non
804 432 895 502 *assequi
908 472 916 496 ,
928 437 999 492 ¹fimus
1012 458 1064 498 can,

116 542 118 545 ψ
169 502 226 555 dide
242 500 421 569 agnoscendum
435 500 476 552 est.
725 547 727 549 ,
771 528 773 532 f
831 527 855 531 η,
958 509 960 511 ’

158 619 160 624 s
556 581 557 584 ’
583 566 611 643 §
633 586 677 631 11,
768 638 771 641 Ι
824 612 849 630 „

174 649 176 655 '
204 656 206 663 ’
233 643 351 713 Sequitur
365 648 411 706 jam
428 660 509 713 quarta
527 644 624 711 questio,
639 659 668 692 an
686 639 776 710 aliquid
798 642 888 703 discere
909 645 1065 714 poffimurm

120 739 121 742 ¹
166 713 266 768 historia
288 711 378 763 erroris
401 711 508 773 Petrini,
533 713 558 761 ὅ(
580 708 685 761 Paulinae
708 710 811 763 censurae
830 713 860 761 de
881 715 943 763 uero
964 715 988 764 dt
1009 716 1063 771 falso

156 784 224 851 ,jure
240 776 488 847 consequentiarum?
505 780 545 828 Er¹
562 794 592 827 eo
600 778 609 837 ,⁴
630 777 698 843 quod
714 780 797 826 'Petrus
813 779 865 846 post
883 782 1013 833 adventum
1026 785 1078 850 Juae

167 851 277 900 datorum
295 866 307 898 a
321 844 406 915 jacula
420 844 446 895 in
461 862 547 895 eorum
562 841 661 911 gratiam
679 842 790 896 abstinuit
805 845 965 913 inposterum
980 867 993 899 a
1008 867 1064 902 con.

165 915 302 968 versatione
320 917 376 964 cum
396 910 537 973 Christianis
556 928 585 962 ex
599 909 748 978 gentilibus,
775 914 838 963 hanc
859 915 969 966 adversus
991 916 1063 984 ipsum

167 982 249 1034 elicuit
270 978 466 1048 consequentiam
481 983 591 1039 Paulas,
620 979 687 1044 quod
709 979 755 1028 hac
772 978 876 1031 ratione
889 995 961 1048 cogat
981 988 1062 1048 gentes

164 1052 313 1120 judaizare,
331 1049 393 1107 five,
411 1047 477 1112 quod
490 1045 555 1109 idem
567 1044 613 1111 est,
622 1059 650 1094 ut
665 1045 843 1113 subeanrprius
859 1045 1063 1105 circumcisionem

167 1121 193 1169 bt
214 1118 293 1184 legem
316 1112 461 1175 Mosaicam,
480 1130 552 1180 quam
572 1110 670 1162 admitti
685 1127 774 1177 queant
791 1116 821 1164 ad
839 1113 983 1180 religionem
995 1117 1062 1169 Chri·

164 1185 277 1238 stianam.
294 1185 318 1232 br
333 1179 473 1231 societatem
486 1179 666 1248 Apostolorum
680 1180 705 1229 br
720 1179 821 1232 fratrum
835 1198 864 1231 cx
877 1180 970 1248 Judaris.
1005 1184 1060 1236 Cer.

165 1265 298 1312 tumerat,
315 1251 378 1299 hanc
394 1265 444 1298 non
460 1246 587 1314 effethffin
607 1248 655 1296 seo
666 1246 802 1304 dodirinam
821 1256 898 1304 Ferri,
922 1249 946 1298 dr
969 1263 1060 1315 tamen,

80 1315 85 1329 ”’
164 1319 282 1388 quoniam
299 1316 324 1367 id
340 1331 426 1366 revera
443 1313 500 1365 inde
517 1315 721 1380 consequebatur,
739 1312 781 1365 nisr
798 1317 911 1366 damnum
925 1316 964 1366 sua
979 1317 1061 1368 sollici-

163 1385 248 1440 tudine
277 1385 302 1435 δε
323 1381 510 1449 reprehensione
531 1385 614 1432 Paulus
633 1379 767 1445 avertisset,
781 1384 782 1387 ’
795 1400 846 1445 non
870 1384 1061 1435 verebaturlric

163 1462 230 1506 Petro
246 1453 309 1503 hanc
320 1446 522 1517 consequentiam
542 1447 662 1516 imputare
677 1462 745 1500 certo
768 1448 849 1512 sensu,
870 1465 944 1528 atque
960 1448 985 1500 in
1000 1450 1060 1502 illius

163 1520 273 1573 rationes
289 1516 389 1568 referre.
421 1516 498 1567 nette
514 1513 588 1582 igitur
604 1513 684 1566 videri
698 1514 769 1583 pollit
791 1511 881 1567 fabium
901 1535 926 1568 in
944 1517 1011 1567 smili
1025 1535 1060 1568 ca-

163 1590 191 1651 su
202 1626 209 1651 ,
231 1603 281 1653 quo
300 1582 415 1634 nimirum
435 1599 465 1634 ex
491 1583 604 1650 dogmate
620 1582 701 1650 aliquo
720 1584 801 1649 gravia
819 1586 842 1649 br
863 1583 961 1635 molesta
980 1580 1060 1634 oriun-

93 1692 95 1695 -
164 1670 206 1705 tur
225 1649 370 1723 consetlaria
380 1687 387 1712 ‚
401 1662 428 1700 ut
446 1667 498 1700 non
513 1651 591 1700 modo
608 1650 697 1717 dogma
719 1652 792 1717 ipsum
808 1649 941 1719 imputetur
959 1650 1059 1714 erranti,

163 1723 205 1774 sed
214 1720 266 1787 ipsae
276 1716 348 1768 etiam
357 1715 533 1784 consequentia
543 1714 640 1768 erroris,
674 1717 805 1769 Enimvero
819 1734 905 1769 notum
918 1717 968 1779 est,
989 1735 1058 1784 quan·

163 1804 192 1842 to
211 1804 266 1839 cum
285 1786 349 1836 Zelo
372 1786 463 1851 semper
485 1799 570 1834 contra
591 1783 732 1849 hujusmodi
748 1785 930 1851 consequentias
938 1784 1060 1850 ''protesta-

149 1855 185 1909 ‘ri
205 1855 310 1914 soleant,
329 1850 370 1918 qui
388 1852 418 1900 de
433 1850 479 1902 illis
497 1850 661 1904 accusantur?
677 1865 819 1919 quantaeque
833 1851 888 1904 lites
905 1851 968 1907 inter
982 1849 1060 1901 erudi·

160 1938 201 1976 tos
219 1923 249 1972 de
267 1918 311 1969 isto
328 1920 380 1983 jure
397 1917 621 1985 consequentiarum
638 1917 767 1969 exarserint
778 1936 808 1969 ne
825 1936 890 1969 nunc
903 1917 1001 1985 quidem
1022 1934 1062 1968 ex·

163 1984 266 2042 tintiar?
283 1987 308 2037 Si
325 2002 411 2037 vetum
426 1984 496 2036 sateri
513 1985 644 2050 volumus,
662 1985 764 2051 plurima
781 1986 813 2035 etl
832 1985 857 2036 in
871 1988 916 2036 hae
930 1985 1059 2051 quaestione

160 2050 317 2124 logomachia
336 2053 361 2120 ὅ(
380 2051 497 2107 confuso.
531 2051 556 2102 Si
570 2053 711 2119 ‘hujusmodi
727 2052 872 2103 consetlar'ia
895 2054 946 2102 sunt
964 2053 1017 2114 salsa
1036 2053 1059 2103 δι

161 2125 226 2177 male
241 2120 349 2173 ,derivata
363 2135 394 2169 ex
411 2120 540 2186 dogmate,
560 2117 630 2185 quis,
652 2135 678 2168 ea
696 2116 787 2168 nemini
802 2119 867 2187 posse
885 2122 937 2184 jure
958 2119 1059 2187 imputa·

129 2232 130 2237 ,
161 2191 201 2253 ri,
219 2206 275 2239 cum
291 2184 386 2237 ratione
405 2184 543 2240 dubitabit?
576 2183 601 2235 Si
614 2186 666 2236 sunt
683 2185 790 2253 legitime
805 2188 908 2237 deduela
925 2203 955 2237 ex
966 2202 1058 2238 antece·

162 2255 294 2316 dentibus,
321 2269 348 2303 ac
371 2267 484 2319 praeterea
500 2250 579 2317 agnita
593 2270 638 2320 pro
661 2252 728 2311 suis,
754 2252 806 2320 quis
829 2270 855 2304 ea
874 2256 926 2320 jure
947 2251 1059 2321 imputari

163 2340 219 2375 cnm
236 2320 330 2387 ratione
349 2319 470 2386 negabit?
495 2318 518 2368 Si
535 2319 586 2370 sunt
603 2320 642 2372 vel
659 2318 761 2381 innexa,
786 2321 826 2372 vel
843 2319 923 2383 vicina
941 2321 999 2372 huic
1020 2319 1058 2372 vel

104 2453 107 2456 ᾖ
161 2391 197 2443 illi
215 2385 342 2456 dogmati,
368 2403 414 2451 nec
431 2400 513 2436 tamen
529 2386 607 2453 agnita
625 2389 649 2437 bt
671 2389 825 2455 approbata,
843 2386 905 2454 quin,
919 2387 1000 2454 potius
1022 2405 1057 2438 re·

160 2459 223 2526 jetta
239 2458 263 2507 dt
279 2455 410 2520 abnegata,
435 2468 494 2503 tunc
513 2454 610 2520 quidem
630 2471 679 2504 non
695 2452 793 2516 licebit,
812 2453 837 2505 in
854 2455 964 2507 docentis
985 2454 1057 2514 ratio-

161 2541 208 2577 nes,
221 2522 328 2583 referre,
347 2534 460 2584 tanquam
481 2521 556 2573 theses
572 2523 595 2572 δι
612 2521 734 2574 dominas
750 2521 851 2572 direttas
864 2554 878 2584 ,·
888 2536 914 2573 at
931 2521 1013 2573 licebit
1023 2537 1056 2572 ta·

79 2612 94 2640 s
160 2607 220 2646 men
238 2592 373 2644 admonere
385 2588 418 2642 'de
435 2586 545 2658 periculo
561 2588 786 2660 consequentiarum
800 2588 914 2656 illatum,
933 2591 959 2643 dr
975 2591 1058 2663 horta·

603 2668 605 2671 ’
1002 2703 1004 2708 .
1029 2669 1058 2717 tr,
