2185 2880
386 77 562 148 nare
627 26 657 75 ³
834 130 846 151 ,
905 93 936 141 a·
993 113 995 116 »

43 208 165 271 moniam,
180 189 251 280 qpani
268 215 310 267 per
330 196 467 251 unanimem
480 198 556 318 gaudi
571 196 762 267 fflurefilyuiaaua
778 198 933 265 decisionem,

61 295 95 331 ωε
119 274 150 334 ad
163 277 299 333 ,minimum
321 264 466 328 libertatem,
489 265 672 329 ‘hristianorum
689 285 718 319 ex
735 265 849 335 gentibus
867 282 935 319 extra

43 356 139 399 ornnem
156 334 234 404 poluit
251 332 455 395 controuerfiam,
472 334 496 384 bt
514 334 644 389 moderatis
659 333 783 400 quibusvis
798 331 893 399 penitus
904 335 935 383 sa.-

44 405 138 467 tisfeeit,
188 402 267 451 Zelutu
281 413 341 448 vero
360 414 392 458 ex,
404 415 506 451 numero
523 400 714 462 Christianorum
734 417 764 452 ex
779 398 867 467 Judaeis
884 416 934 459 ma·

44 481 65 531 le
80 469 180 524 'tandem
200 463 286 516 ceffille
302 461 368 515 istam
391 463 417 515 in
433 469 521 518 tuenda
536 469 586 516 suae·
596 469 674 534 gentis
692 471 722 518 ad
746 469 826 534 legem
842 465 934 531 obliga-

44 544 109 595 tione
125 530 294 601 pertinaciam,
308 547 358 592 non
369 536 434 596 flaura
448 534 524 582 modo
540 533 655 583 testantur
670 537 733 590 lirare
750 571 755 590 ,
775 535 814 584 sed
827 531 935 583 luculen·
989 567 991 570 -

43 610 71 661 tis
90 602 161 654 etiam
180 595 312 665 exemplis,
328 594 407 663 iisque
423 594 541 660 tristibus,
558 599 653 656 Historia
664 601 821 651 demonstrat
837 602 935 663 Ecclesiu-

42 677 107 740 βίαι,
124 681 152 717 ut
165 665 222 717 inde
235 676 360 730 appareat,
377 679 468 729 magnae
485 661 558 732 partis
574 662 765 723 Christianorum
783 665 813 715 eir
829 665 935 732 judaeis,

44 737 159 807 praecipue
176 728 467 797 Hierosolymitanorum‚
483 729 576 781 ruinam
592 731 681 781 malum
698 729 759 782 istud
778 733 830 796 poli
848 733 870 780 se
887 746 948 781 tra-v

44 803 114 862 risle,
131 797 244 864 fiquidem
263 793 365 862 antiquis
380 794 428 847 istis
441 797 548 849 Ecclefiae
564 796 729 849 monumentis
745 810 797 849 tuta
808 797 867 847 fides
877 812 935 862 prae·

44 868 94 921 stari
108 864 196 933 potest.
237 862 308 913 Plena
329 861 414 927 utique
428 861 549 919 charitatis
566 877 617 914 erat
642 864 816 929 Apostolorum
841 877 935 913 cetero·
1014 868 1016 874 ⁴

43 951 94 989 runt
112 930 223 981 diuturna
240 926 461 994 etgb'Chrillianos
473 939 503 979 ex
514 928 601 995 Judaeis
617 927 779 996 indulgentia:
804 930 932 996 postquam

44 1016 102 1052 uero
122 1000 202 1044 Pauluu
220 993 245 1044 in
269 992 389 1061 plerisque
412 994 457 1044 suis
479 996 565 1062 epistula
581 992 717 1045 libertatem
737 996 935 1059 Evangelicama

44 1068 96 1131 lege
110 1060 214 1113 Mosaica
229 1076 280 1110 non
293 1060 369 1110 solum
385 1060 528 1125 gentilibus,
546 1061 675 1111 sedetiam
691 1060 778 1127 Judaeis
794 1061 932 1123 conversis,

43 1133 135 1184 strenue
152 1123 259 1188 afferuit,
278 1126 397 1192 hujusque
415 1125 623 1187 continuationem
634 1127 773 1178 <assederam
791 1125 839 1187 toti
854 1128 887 1179 N.
903 1127 935 1178 T.

44 1190 202 1261 &Evangelii
225 1190 302 1242 indoli
324 1191 466 1243 contrariam
484 1193 552 1257 effe,
579 1191 660 1244 multis
677 1190 850 1244 demonstravit
865 1209 935 1260 argu·
1004 1245 1006 1248 ,

42 1260 144 1320 mentis,
164 1259 271 1312 constans
287 1257 311 1308 δι
327 1256 452 1325 multiplex
464 1259 546 1310 abusus
564 1258 651 1326 prioris
668 1258 840 1325 indulgentiae,
860 1276 934 1327 quam

29 1328 102 1392 ¹male
121 1324 338 1391 interpretabantur
352 1340 432 1390 squam
449 1323 561 1391 plurimi,
572 1345 574 1347 ·
585 1325 697 1387 ministeriu
717 1323 823 1374 maxime
842 1329 934 1374 Paulina

42 1396 198 1445 uehementer
215 1387 315 1451 restitit,
331 1389 481 1458 saniiamque
498 1390 635 1454 animorum
655 1388 892 1454 conjunctionem-in
906 1391 935 1440 fi-

42 1459 133 1510 delibus
148 1455 213 1507 istius
221 1454 338 1522 temporis
352 1471 383 1506 ex
396 1472 496 1523 utraque
505 1471 578 1523 gente
591 1454 717 1508 infeliciter
727 1454 869 1524 impedivit,
881 1473 934 1524 quae

38 1541 119 1578 tamen
137 1538 249 1589 magnum
264 1539 343 1588 operae
356 1522 459 1591 pretium
472 1524 657 1584 Redemtionis‚
675 1525 738 1575 teste
748 1527 875 1590 Scriptura,
887 1524 933 1574 else

42 1594 160 1642 debuerat.
193 1587 226 1638 Hi
245 1589 342 1654 quidem
361 1603 461 1639 eventus
478 1589 595 1656 temporis
611 1589 707 1641 ratione
720 1590 794 1655 longe
812 1591 933 1641 excedunt

41 1675 123 1708 textura
135 1654 253 1717 tualeam:
271 1656 310 1706 sed
327 1672 382 1705 cum
397 1653 422 1706 is.
438 1657 528 1722 absque
547 1656 584 1706 his
598 1657 666 1718 ,haud
686 1656 766 1722 plene
776 1655 931 1721 perfeiieque

41 1719 140 1800 intelligi
153 1718 238 1787 posiit,
252 1736 345 1788 aequum
361 1737 411 1779 non
428 1735 478 1771 erat
497 1720 552 1786 illos
564 1725 622 1773 ‘hoc
636 1721 694 1775 loco
712 1719 810 1789 penitus
832 1737 932 1789 praetet-

36 1802 143 1842 'nntt'ere
300 1833 307 1843 ‚
650 1813 674 1824 -·

416 1849 516 1929 §.a

66 2030 67 2037 ,
111 1984 156 2035 His
172 1980 295 2048 exegetice
303 1996 330 2031 ac
338 1979 452 2033 historice
466 1981 586 2052 praemiffis
603 1982 743 2049 quaestiones
759 1983 886 2048 nonnullas
900 1988 930 2039 ad
1000 2002 1003 2005 ·

40 2059 100 2121 rufium
108 2052 235 2116 abusumque
247 2049 303 2105 fulli
314 2053 397 2097 Petrina·
407 2048 431 2099 iu
442 2050 513 2114 titulo
529 2048 659 2108 indicatum
677 2048 824 2116 pertinentes
836 2051 931 2116 subjun-

40 2122 126 2187 gimus,
161 2124 234 2167 Prima
243 2115 336 2180 questio,
354 2131 429 2180 eaque
441 2113 545 2183 capitalis
557 2113 696 2166 &maximi
710 2115 845 2182 ponderis,
866 2120 930 2169 >hue

40 2186 117 2242 redit:
134 2199 214 2237 annon
226 2180 315 2231 futrum
324 2178 491 2246 Petri,„prour
511 2180 536 2233 in
549 2182 645 2234 Paulina
664 2182 760 2241 censura
774 2181 929 2249 describitur,

36 2253 171 2313 notiones,
189 2263 246 2316 quas
260 2247 335 2313 vulgo
344 2246 430 2298 fovent
445 2247 572 2300 Christiani
591 2251 621 2298 de
632 2250 786 2312 infallibilitate
798 2251 929 2313 Apustultca,

39 2318 167 2386 plurimum
177 2310 319 2374 imminuat,
337 2312 388 2364 imo
404 2313 511 2370 funditus
521 2328 613 2367 evertat
627 2317 639 2369 ?
661 2314 773 2383 Plerique
786 2313 943 2382 interpreter.

39 2388 119 2456 epistola
129 2385 159 2438 ad
169 2385 274 2445 Galatas,
291 2377 378 2448 aliique
390 2379 460 2433 etiam
468 2380 607 2500 Tgeologi,
633 2380 725 2435 cumin
744 2372 805 2435 hesic
819 2380 929 2501 incgdtqnt

98 2480 101 2482 -
520 2466 536 2505 a
604 2462 608 2466 “
669 2495 674 2500 ,
874 2463 929 2501 ιο-
