2185 2880
156 82 190 128 '10
511 61 551 130 ’ἢ
583 64 618 128 )=(
651 60 704 130 Q

159 196 205 247 dus
218 195 250 247 est
266 198 356 245 Petam,
374 198 400 237 ut
412 181 755 253 Paulomhaudsubstltuamus
766 198 834 236 reum
849 187 856 236 ὲ
874 185 906 238 lta
920 191 1048 253 desererem..

92 293 95 297 ¹
161 263 206 314 uus
220 265 314 314 aaran,
330 269 357 306 ut
377 251 505 321 propterea
518 248 662 327 tristifica
678 249 801 303 autoritati
818 251 1015 313 &infallibilia-ei
1024 267 1049 320 a,

160 334 226 380 Petra
237 325 326 379 nullum
338 333 432 372 creetur
440 318 613 385 praejudicium*
632 318 695 368 ‘Non
704 314 843 381 imputanda
858 318 1049 386 sinpliciter-'sunt

160 401 225 446 Petro
235 401 248 455 ’,,
259 407 312 457 quae
321 388 430 444 fecerunt
442 384 490 439 alli.
524 385 615 446 Exeo,
633 384 700 452 quod
709 385 819 436 nonnulli
828 386 923 451 Zelotae
934 385 1050 449 indiscreti

160 461 249 513 venisse
258 457 370 509 dicuntur
379 455 408 505 ab
417 453 511 520 ffacolo.
521 467 571 500 non
580 450 613 500 est
622 464 715 515 temere
724 451 932 513 concludendum,
942 457 1050 514 omnium

162 525 267 587 illorum,
280 540 332 591 quae
340 520 464 589 ipsiposlea
471 517 582 569 dixerunt
591 518 615 566 ἃ
625 516 743 583 gesserunt
753 516 899 578 Antiochiae,
909 518 1018 574 autorem
1028 530 1056 579 ὃς·

163 593 324 645 consultorem
331 587 398 640 fuisse
405 585 515 655 Jac’ol'um
527 583 678 652 Apostolum.
696 582 854 636 Probeetiain
865 598 963 651 oportet
977 586 1056 645 distin,

181 677 238 711 uere
243 654 417 723 controversias
426 651 488 704 illius
494 649 610 717 temporis
617 651 646 700 de
652 648 862 703 circumcisione&¹
871 651 933 717 lege,
944 652 968 701 ὅ(
975 652 1053 708 diver·

128 751 130 754 ·
163 677 257 779 iillimas
267 723 346 774 classes
357 727 442 772 eorum
452 757 457 775 ‚
468 717 592 783 dequibus
607 715 670 767 inter
680 716 742 780 ipsos
755 713 903 770 Christianos
911 719 1053 788 runcaliqua

164 808 216 845 erat
228 788 373 849 contentio,-
386 801 414 837 ut
427 802 456 834 eo
465 783 553 834 certius
570 782 660 841 arfasto
677 789 738 832 Perre
750 784 873 835 remoueri
882 796 986 850 queant,
1004 804 1054 853 quae

163 876 212 930 prae
222 854 307 909 ceteris
316 853 396 905 odiosa
406 854 465 900 lunt.
499 851 529 924 In
535 846 692 914 explicatione
700 849 805 916 denique
812 848 983 915 infallibilitatis
990 854 1054 919 Apo.

165 925 266 983 stolicae,
280 921 304 971 in
314 916 453 987 quantique
466 930 596 967 maurinum
610 912 733 980 religionis
745 917 861 971 ,revelatae
870 917 1054 983 pondustdepre.

166 989 297 1049 henditur,
315 986 348 1036 ita
363 985 395 1034 esl
407 982 603 1049 procedendum,
622 994 650 1031 ut
665 997 719 1031 curn
737 983 787 1033 hoc
802 982 866 1043 fallo
877 984 1055 1047 PetriAposloli

167 1062 216 1121 fine
230 1056 277 1106 ulla
288 1050 395 1104 veritatis
412 1046 543 1116 necessaria
551 1047 639 1112 jactura
648 1048 780 1106 commode
788 1047 859 1115 poffit
867 1046 1002 1111 conciliari,
1012 1067 1054 1102 nec

168 1139 245 1186 unum
259 1118 326 1170 alteri
344 1121 441 1181 noceat.
476 1113 569 1177 Quodsi
582 1114 628 1177 jam
641 1109 679 1164 his
692 1113 862 1180 praesuppositis
880 1112 1056 1168 conditionibus

167 1188 424 1249 ostendendumporro
436 1181 477 1240 fit,
493 1180 619 1247 quomodo
628 1183 707 1245 lapfhm
715 1185 828 1244 Petrinum
839 1178 1056 1246 Theologi'desnri.

168 1255 245 1309 baiiit‘.J
263 1252 350 1302 nullam
361 1261 426 1299 certe
439 1244 557 1296 rationein
575 1261 660 1296 eorum
670 1247 803 1307 habern'us,
820 1246 863 1312 qui
873 1244 931 1304 nihil
941 1246 1057 1314 heicpeci

170 1323 231 1374 casse
243 1320 341 1376 Petrum
356 1312 429 1380 reipsa
438 1312 602 1378 praetendunt,
618 1310 732 1379 quoniam
741 1311 775 1363 illi
786 1314 811 1363 di
826 1326 892 1362 certo
903 1311 1005 1378 partium
1015 1315 1058 1364 stu.

169 1387 213 1439 dio
226 1387 361 1443 ducuntur,
378 1381 403 1428 ὃ(
416 1379 460 1427 hac
476 1376 674 1440 interpretatione
682 1391 759 1428 totam
767 1377 837 1428 istam,
844 1377 1057 1445 historiam,qu0d

172 1454 245 1513 abfit,
262 1448 352 1499 faciunt
364 1443 502 1510 ridiculam,
529 1442 640 1507 Plerique
649 1442 688 1509 alii
700 1442 725 1493 in
738 1461 765 1494 re
776 1443 822 1511 ipsa
830 1444 993 1506 consentiunt,
1004 1444 1059 1496 licet

172 1520 247 1581 verba
255 1514 359 1581 ipsorum
373 1510 518 1576 quandoque
528 1507 645 1559 diversum
654 1512 736 1572 sonare
745 1510 878 1562 videantur.
895 1511 948 1573 Est,
960 1509 1001 1576 qui
1011 1513 1060 1573 haec

172 1592 263 1653 quinque
274 1581 314 1630 uel
325 1583 365 1643 sex
381 1578 406 1626 in
422 1573 463 1622 illo
475 1573 539 1623 stilo
553 1574 671 1625 contineri
680 1574 828 1639 existimaut3
844 1583 929 1645 “primo
938 1591 1060 1642 peccatum

173 1645 325 1716 negligentiae
341 1643 366 1694 in
376 1638 457 1715 omissa
468 1637 614 1714 ,accuratiori
630 1640 816 1693 deliberatione:
828 1645 919 1708 secundo
936 1657 1060 1708 peccatum

174 1710 307 1770 ouiiffionis
317 1704 526 1782 praeceptrdiqinr
532 1713 594 1764 Petro
607 1705 671 1772 prius
687 1706 713 1757 in
725 1707 816 1759 visione
828 1708 888 1771 dati,
907 1710 974 1775 quod
993 1710 1017 1759 &
1032 1709 1060 1759 ad

176 1782 315 1849 praesentem
325 1773 413 1827 causam
425 1770 569 1838 pertinuisset
581 1771 681 1832 omnino
691 1793 699 1825 ε,
715 1779 808 1828 saraiam
821 1772 984 1836 inconstantiae
997 1775 1062 1825 &le-

176 1845 271 1905 vitatis,
289 1858 341 1909 quae
350 1840 375 1890 in
384 1845 449 1888 Petri·
459 1836 544 1913 ipsius,
561 1853 670 1889 uec-non
686 1838 822 1907 Evangelii,
845 1842 948 1892 dedecus
960 1840 1061 1902 cesserit,

171 1929 234 1974 :lum
243 1923 283 1962 aut
295 1905 421 1975 gentilium
438 1901 627 1978 Christianorum
644 1903 718 1971 epulis
736 1905 851 1957 abstinere
866 1905 943 1956 statim
954 1908 982 1956 ab
993 1904 1062 1956 initio

178 1975 303 2035 debuerit,
322 1972 371 2024 siid
388 1968 589 2044 florinenlicuit,
608 1985 648 2021 aut
661 1972 689 2028 ab
706 1987 790 2022 eorum
807 1974 886 2023 mensa
897 1974 1011 2029 recedere
1022 1971 1063 2039 ipsi
1089 1992 1091 1997 ·

177 2061 229 2097 non
238 2040 349 2101 licuerit,
364 2038 381 2088 si
394 2035 545 2102 ealegitrm'e
554 2036 605 2087 usus
622 2037 700 2088 suerat
713 2054 720 2092 ι
732 2044 853 2103 „Quartum
866 2037 891 2088 in
909 2036 1063 2094 charitatem,

179 2112 238 2174 dum
253 2106 337 2174 Judaeis
354 2100 462 2169 jam'satis
476 2119 489 2151 a
505 2099 631 2166 gentilium
650 2105 799 2166 commercio
817 2104 898 2163 alienis
915 2105 1075 2167 occasunem¹

145 2202 147 2207 ⁴
178 2172 281 2243 praebuit
290 2172 315 2221 id
325 2169 407 2220 odium
418 2165 599 2234 renovandique
610 2168 732 2224 consilium
742 2173 861 2220 Salverrris
873 2208 878 2228 ,
895 2184 921 2223 ut
932 2184 1016 2239 gentes
1025 2172 1063 2237 Ju-

179 2239 273 2306 daeique
281 2238 305 2289 iu
314 2251 389 2287 uuum
398 2235 494 2285 tandein
505 2250 590 2300 corpus
597 2234 756 2300 edalesccrent
764 2236 966 2304 consanguinitate
976 2234 1064 2287 doctri.

179 2324 217 2359 iiae
228 2302 375 2378 vinculisque
384 2297 646 2375 charitatis-connexum
657 2308 782 2379 :Qintmp
792 2302 925 2358 coislionis
933 2320 975 2371 per
984 2317 1064 2352 exeni-

180 2374 262 2442 plum,
276 2369 339 2438 quasi
347 2367 525 2421 circumcisione
535 2384 596 2436 opus
606 2367 808 2436 essetClirisliania
816 2368 1065 2440 gentilibuqut‘com3

999 2445 1065 2488 muni
